<record><leader>00000cas a2200000 a 4500</leader><controlfield tag="001">11793400</controlfield><controlfield tag="008">850312d19011919ksuwr ne      0   a0eng d</controlfield><datafield ind1=" " ind2=" " tag="010"><subfield code="a">sn 85029942 </subfield></datafield><datafield ind1=" " ind2=" " tag="040"><subfield code="a">KSH</subfield><subfield code="b">eng</subfield><subfield code="c">KSH</subfield><subfield code="d">NPT</subfield><subfield code="d">OCL</subfield><subfield code="d">OCLCQ</subfield></datafield><datafield ind1=" " ind2=" " tag="042"><subfield code="a">msc</subfield></datafield><datafield ind1="0" ind2=" " tag="130"><subfield code="a">Randall news (Randall, Kan.)</subfield></datafield><datafield ind1="1" ind2="4" tag="245"><subfield code="a">The Randall news.</subfield></datafield><datafield ind1=" " ind2=" " tag="260"><subfield code="a">Randall, Kan. :</subfield><subfield code="b">W.A. Smith,</subfield><subfield code="c">-1919.</subfield></datafield><datafield ind1=" " ind2=" " tag="300"><subfield code="a">v. :</subfield><subfield code="b">ill. ;</subfield><subfield code="c">49-61 cm.</subfield></datafield><datafield ind1=" " ind2=" " tag="310"><subfield code="a">Weekly</subfield></datafield><datafield ind1="0" ind2=" " tag="362"><subfield code="a">-v. 19, no. 3 (0ct. 17, 1919).</subfield></datafield><datafield ind1="1" ind2=" " tag="362"><subfield code="a">Began in 1901.</subfield><subfield code="z">Cf. Ayer, 1907.</subfield></datafield><datafield ind1=" " ind2=" " tag="500"><subfield code="a">Publisher varies.</subfield></datafield><datafield ind1=" " ind2=" " tag="525"><subfield code="a">Includes supplements.</subfield></datafield><datafield ind1=" " ind2=" " tag="588"><subfield code="a">Description based on: Vol. 1, no. 10 (Dec. 6, 1901).</subfield></datafield><datafield ind1=" " ind2=" " tag="752"><subfield code="a">United States</subfield><subfield code="b">Kansas</subfield><subfield code="c">Jewell</subfield><subfield code="d">Randall.</subfield></datafield><datafield ind1="0" ind2="4" tag="785"><subfield code="t">New era (Formoso, Kan.)</subfield><subfield code="w">(DLC)sn 85029156</subfield></datafield><datafield ind1="1" ind2=" " tag="029"><subfield code="a">AU@</subfield><subfield code="b">000020352411</subfield></datafield></record>